<?xml version="1.0" encoding="UTF-8"?><collection xmlns="http://www.loc.gov/MARC21/slim"><record><leader>00449nam--2200133-i-4500</leader><controlfield tag="001">000025806</controlfield><controlfield tag="002">20161230</controlfield><controlfield tag="005">20161230201036</controlfield><controlfield tag="008">060222s1000------------r-----000-0-eng-d</controlfield><datafield ind1=" " ind2=" " tag="080"><subfield code="a">539.123</subfield></datafield><datafield ind1=" " ind2=" " tag="100"><subfield code="a">Kaftanov, V.S./S.A.</subfield></datafield><datafield ind1=" " ind2=" " tag="245"><subfield code="a">On measuring an energy dependence of total neutrino cross section at the serpukhov and batavia accelerators</subfield></datafield><datafield ind1=" " ind2=" " tag="260"><subfield code="a">Moscow, Institute For Theoretical And Ecperimental Physics, 1972, 9p.+ 3p.Fig</subfield></datafield><datafield ind1=" " ind2=" " tag="852"><subfield code="a">38874</subfield></datafield></record></collection>